@article{1_siegel_miller_jemal_2016,
author={Siegel, Rebecca L. and Miller, Kimberly D. and Jemal, Ahmedin},
title={Cancer statistics, 2016},
volume={66},
DOI={10.3322/caac.21332},
number={1},
journal={CA: A Cancer Journal for Clinicians},
year={2016},
pages={7-30}
}

@article{2_bombonati_sgroi_2010,
author={Bombonati, Alessandro and Sgroi, Dennis C},
title={The molecular pathology of breast cancer progression},
volume={223},
DOI={10.1002/path.2808},
number={2},
journal={J. Pathol.},
year={2010},
pages={308-318}
}

@article{3_ma_salunga_tuggle_gaudet_enright_mcquary_payette_pistone_stecker_zhang,
author={Ma, X.-J. and Salunga, R. and Tuggle, J. T. and Gaudet, J. and Enright, E. and McQuary, P. and Payette, T. and Pistone, M. and Stecker, K. and Zhang, B. M. et al.},
title={Gene expression profiles of human breast cancer progression},
volume={100},
DOI={10.1073/pnas.0931261100},
number={10},
journal={Proceedings of the National Academy of Sciences},
year={2003},
pages={5974-5979}
}

@article{4_richard_sainsbury_needham_farndon_malcolm_harris_1987,
author={Richard, J. and Sainsbury, C. and Needham, GeoffreyK. and Farndon, JohnR. and Malcolm, ArchieJ. and Harris, AdrianL.},
title={Epidermal-growth-factor receptor status as predictor of early recurrence of and death from breast cancer},
volume={329},
DOI={10.1016/s0140-6736(87)90593-9},
number={8547},
journal={The Lancet},
year={1987},
pages={1398-1402}
}

@article{5_latta_tjan_parkes_omalley_2002,
author={Latta, E. K. and Tjan, S. and Parkes, R. K. and O Malley, F. P.},
title={The role of HER2/neu overexpression/amplification in the progression of ductal carcinoma in situ to invasive carcinoma of the breast},
volume={15},
DOI={10.1097/01.mp.0000038462.62634.b1},
number={12},
journal={Mod Pathol},
year={2002},
pages={1318-1325}
}

@article{6_clark_warwick_carpenter_bowen_duffy_jones_2010,
author={Clark, S E and Warwick, J and Carpenter, R and Bowen, R L and Duffy, S W and Jones, J L},
title={Molecular subtyping of DCIS: heterogeneity of breast cancer reflected in pre-invasive disease},
volume={104},
DOI={10.1038/sj.bjc.6606021},
number={1},
journal={Br J Cancer},
year={2010},
pages={120-127}
}

@article{7_corzo_corominas_tusquets_salido_bellet_fabregat_serrano_sol_2006,
author={Corzo, Cristina and Corominas, Josep M. and Tusquets, Ignacio and Salido, Marta and Bellet, Meritxell and Fabregat, Xavier and Serrano, Sergio and Solï¿½, Francesc},
title={The MYC oncogene in breast cancer progression: from benign epithelium to invasive carcinoma},
volume={165},
DOI={10.1016/j.cancergencyto.2005.08.013},
number={2},
journal={Cancer Genetics and Cytogenetics},
year={2006},
pages={151-156}
}

@article{8_robanus-maandag_bosch_kristel_hart_faneyte_nederlof_peterse_van,
author={Robanus-Maandag, Els C and Bosch, Cathy AJ and Kristel, Petra M and Hart, Augustinus AM and Faneyte, Ian F and Nederlof, Petra M and Peterse, Johannes L and van de Vijver, Marc J},
title={Association of C-MYC amplification with progression from thein situ to the invasive stage in C-MYC-amplified breast carcinos},
volume={201},
DOI={10.1002/path.1385},
number={1},
journal={J. Pathol.},
year={2003},
pages={75-82}
}

@article{9_hannemann_velds_halfwerk_kreike_peterse_van,
author={Hannemann, Juliane and Velds, Arno and Halfwerk, Johannes BG and Kreike, Bas and Peterse, Johannes L and van de Vijver, Marc J},
title={Classification of ductal carcinoma in situ by gene expression profiling},
volume={8},
DOI={10.1186/bcr1613},
number={5},
journal={Breast Cancer Research},
year={2006},
pages={R61}
}

@article{10_porter_lahti-domenici_keshaviah_bae_argani_marks_richardson_cooper_strausberg_riggins,
author={Porter, Dale and Lahti-Domenici, Jaana and Keshaviah, Aparna and Bae, Young and Argani, Pedram and Marks, Jeffrey and Richardson, Andrea and Cooper, Amiel and Strausberg, Robert and Riggins, Gregory et al.},
title={Molecular markers in ductal carcinoma in situ of the breast},
volume={1},
url={http://mcr.aacrjournals.org/content/1/5/362.long},
number={5},
journal={Molecular Cancer Research},
year={2003},
pages={362-375}
}

@article{11_iakovlev_arneson_wong_wang_leung_iakovleva_warren_pintilie_done_2008,
author={Iakovlev, V. V. and Arneson, N. C.R. and Wong, V. and Wang, C. and Leung, S. and Iakovleva, G. and Warren, K. and Pintilie, M. and Done, S. J.},
title={Genomic differences between pure ductal carcinoma in situ of the rbeast and that associated with invasive disease: a calibrated aCGH study},
volume={14},
DOI={10.1158/1078-0432.ccr-07-4960},
number={14},
journal={Clinical Cancer Research},
year={2008},
pages={4446-4454}
}

@article{12_liscovitch_cantley_1995,
author={Liscovitch, Mordechai and Cantley, Lewis C},
title={Signal transduction and membrane traffic: The PITP/phosphoinositide connection},
volume={81},
DOI={10.1016/0092-8674(95)90525-1},
number={5},
journal={Cell},
year={1995},
pages={659-662}
}

@article{13_png_halberg_yoshida_tavazoie_2011,
author={Png, Kim J. and Halberg, Nils and Yoshida, Mitsukuni and Tavazoie, Sohail F.},
title={A microRNA regulon that mediates endothelial recruitment and metastasis by cancer cells},
volume={481},
DOI={10.1038/nature10661},
number={7380},
journal={Nature},
year={2011},
pages={190-194}
}

@article{14_cowell_weigelt_sakr_ng_hicks_king_reis-filho_2013,
author={Cowell, Catherine F. and Weigelt, Britta and Sakr, Rita A. and Ng, Charlotte K.Y. and Hicks, James and King, Tari A. and Reis-Filho, Jorge S.},
title={Progression from ductal carcinoma in situ to invasive breast cancer: Revisited},
volume={7},
DOI={10.1016/j.molonc.2013.07.005},
number={5},
journal={Molecular Oncology},
year={2013},
pages={859-869}
}

@article{15_depinho_polyak_2002,
author={DePinho, Ronald and Polyak, Kornelia},
title={Genomic instability: Chromosome crisis},
volume={2},
DOI={10.1038/nrc888},
number={9},
journal={Nature Reviews Cancer},
year={2002},
pages={638-638}
}

@article{16_davis_sokolosky_stadelman_abrams_libra_candido_nicoletti_polesel_maestro_dassoro,
author={Davis, Nicole M. and Sokolosky, Melissa and Stadelman, Kristin and Abrams, Stephen L. and Libra, Massimo and Candido, Saverio and Nicoletti, Ferdinando and Polesel, Jerry and Maestro, Roberta and D Assoro, Antonino et al.},
title={Deregulation of the EGFR/PI3K/PTEN/Akt/mTORC1 pathway in breast cancer: possibilities for therapeutic intervention},
volume={5},
DOI={10.18632/oncotarget.2209},
number={13},
journal={Oncotarget},
year={2014},
pages={4603-4650}
}

@article{17_chin_devries_fridlyand_spellman_roydasgupta_kuo_lapuk_neve_qian_ryder,
author={Chin, Koei and DeVries, Sandy and Fridlyand, Jane and Spellman, Paul T. and Roydasgupta, Ritu and Kuo, Wen-Lin and Lapuk, Anna and Neve, Richard M. and Qian, Zuwei and Ryder, Tom et al.},
title={Genomic and transcriptional aberrations linked to breast cancer pathophysiologies},
volume={10},
DOI={10.1016/j.ccr.2006.10.009},
number={6},
journal={Cancer Cell},
year={2006},
pages={529-541}
}

@article{18_kallioniemi_kallioniemi_piper_tanner_stokke_chen_smith_pinkel_gray_waldman_1994,
author={Kallioniemi, A. and Kallioniemi, O. P. and Piper, J. and Tanner, M. and Stokke, T. and Chen, L. and Smith, H. S. and Pinkel, D. and Gray, J. W. and Waldman, F. M.},
title={Detection and mapping of amplified DNA sequences in breast cancer by comparative genomic hybridization.},
volume={91},
DOI={10.1073/pnas.91.6.2156},
number={6},
journal={Proceedings of the National Academy of Sciences},
year={1994},
pages={2156-2160}
}

@article{19_wood_parsons_jones_lin_sjoblom_leary_shen_boca_barber_ptak,
author={Wood, L. D. and Parsons, D. W. and Jones, S. and Lin, J. and Sjoblom, T. and Leary, R. J. and Shen, D. and Boca, S. M. and Barber, T. and Ptak, J. et al.},
title={The genomic landscapes of human breast and colorectal cancers},
volume={318},
DOI={10.1126/science.1145720},
number={5853},
journal={Science},
year={2007},
pages={1108-1113}
}

@article{20_koboldt_fulton_mclellan_schmidt_kalicki-veizer_mcmichael_fulton_dooling_ding_mardis,
author={Koboldt, Daniel C. and Fulton, Robert S. and McLellan, Michael D. and Schmidt, Heather and Kalicki-Veizer, Joelle and McMichael, Joshua F. and Fulton, Lucinda L. and Dooling, David J. and Ding, Li and Mardis, Elaine R. et al.},
title={Comprehensive molecular portraits of human breast tumours},
volume={490},
DOI={10.1038/nature11412},
number={7418},
journal={Nature},
year={2012},
pages={61-70}
}

@article{21_gorringe_hunter_pang_opeskin_hill_rowley_choong_thompson_dobrovic_fox,
author={Gorringe, Kylie L and Hunter, Sally M and Pang, Jia-Min and Opeskin, Ken and Hill, Prue and Rowley, Simone M and Choong, David Y H and Thompson, Ella R and Dobrovic, Alexander and Fox, Stephen B et al.},
title={Copy number analysis of ductal carcinoma in situ with and without recurrence},
volume={28},
DOI={10.1038/modpathol.2015.75},
number={9},
journal={Mod Pathol},
year={2015},
pages={1174-1184}
}

@article{22_johnson_gorringe_thompson_opeskin_boyle_wang_hill_mann_campbell_2012,
author={Johnson, C and Gorringe, KL and Thompson, ER and Opeskin, K and Boyle, SE and Wang, Y and Hill, P and Mann, GB and Campbell, IG},
title={Identification of copy number alterations associated with the progression of DCIS to invasive ductal carcinoma},
volume={10},
DOI={10.1186/1897-4287-10-s2-a93},
number={Suppl 2},
journal={Hered Cancer Clin Pract},
year={2012},
pages={A93}
}

@article{23_hernandez_wilkerson_lambros_campion_flora_rodrigues_gauthier_cabral_pawar_mackay_a_hern,
author={Hernandez, Lucia and Wilkerson, Paul M and Lambros, Maryou B and Campion-Flora, Adriana and Rodrigues, Daniel Nava and Gauthier, Arnaud and Cabral, Cecilia and Pawar, Vidya and Mackay, Alan and A'Hern, Roger et al.},
title={Genomic and mutational profiling of ductal carcinomas in situ and matched adjacent invasive breast cancers reveals intra-tumour genetic heterogeneity and clonal selection},
volume={227},
DOI={10.1002/path.3990},
number={1},
journal={J. Pathol.},
year={2012},
pages={42-52}
}
