@article{1_siegel_miller_jemal_2016,
author={Siegel, Rebecca L. and Miller, Kimberly D. and Jemal, Ahmedin},
title={Cancer statistics, 2016},
volume={66},
DOI={10.3322/caac.21332},
number={1},
journal={CA: A Cancer Journal for Clinicians},
year={2016},
pages={7-30}
},

@article{2_bombonati_sgroi_2010,
author={Bombonati, Alessandro and Sgroi, Dennis C},
title={The molecular pathology of breast cancer progression},
volume={223},
DOI={10.1002/path.2808},
number={2},
journal={J. Pathol.},
year={2010},
pages={308-318}
},

@article{3_ma_salunga_tuggle_gaudet_enright_mcquary_payette_pistone_stecker_zhang et al._2003,
author={Ma, X.-J. and Salunga, R. and Tuggle, J. T. and Gaudet, J. and Enright, E. and McQuary, P. and Payette, T. and Pistone, M. and Stecker, K. and Zhang, B. M. et al.},
title={Gene expression profiles of human breast cancer progression},
volume={100},
DOI={10.1073/pnas.0931261100},
number={10},
journal={Proceedings of the National Academy of Sciences},
year={2003},
pages={5974-5979}
},

@article{4_richard_sainsbury_needham_farndon_malcolm_harris_1987,
author={Richard, J. and Sainsbury, C. and Needham, GeoffreyK. and Farndon, JohnR. and Malcolm, ArchieJ. and Harris, AdrianL.},
title={EPIDERMAL-GROWTH-FACTOR RECEPTOR STATUS AS PREDICTOR OF EARLY RECURRENCE OF AND DEATH FROM BREAST CANCER},
volume={329},
DOI={10.1016/s0140-6736(87)90593-9},
number={8547},
journal={The Lancet},
year={1987},
pages={1398-1402}
},

@article{5_latta_tjan_parkes_o�malley_2002,
author={Latta, E. K. and Tjan, S. and Parkes, R. K. and O�Malley, F. P.},
title={The Role of HER2/neu Overexpression/Amplification in the Progression of Ductal Carcinoma In Situ to Invasive Carcinoma of the Breast},
volume={15},
DOI={10.1097/01.mp.0000038462.62634.b1},
number={12},
journal={Mod Pathol},
year={2002},
pages={1318-1325}
},

@article{6_clark_warwick_carpenter_bowen_duffy_jones_2010,
author={Clark, S E and Warwick, J and Carpenter, R and Bowen, R L and Duffy, S W and Jones, J L},
title={Molecular subtyping of DCIS: heterogeneity of breast cancer reflected in pre-invasive disease},
volume={104},
urldate={2016-4-5},
DOI={10.1038/sj.bjc.6606021},
number={1},
journal={Br J Cancer},
year={2010},
pages={120-127}
},

@article{7_corzo_corominas_tusquets_salido_bellet_fabregat_serrano_sol�_2006,
author={Corzo, Cristina and Corominas, Josep M. and Tusquets, Ignacio and Salido, Marta and Bellet, Meritxell and Fabregat, Xavier and Serrano, Sergio and Sol�, Francesc},
title={The MYC oncogene in breast cancer progression: from benign epithelium to invasive carcinoma},
volume={165},
DOI={10.1016/j.cancergencyto.2005.08.013},
number={2},
journal={Cancer Genetics and Cytogenetics},
year={2006},
pages={151-156}
},

@article{8_robanus-maandag_bosch_kristel_hart_faneyte_nederlof_peterse_van de vijver_2003,
author={Robanus-Maandag, Els C and Bosch, Cathy AJ and Kristel, Petra M and Hart, Augustinus AM and Faneyte, Ian F and Nederlof, Petra M and Peterse, Johannes L and van de Vijver, Marc J},
title={Association ofC-MYC amplification with progression from thein situ to the invasive stage inC-MYC-amplified breast carcinomas},
volume={201},
DOI={10.1002/path.1385},
number={1},
journal={J. Pathol.},
year={2003},
pages={75-82}
},

@article{9_hannemann_velds_halfwerk_kreike_peterse_van de vijver_2006,
author={Hannemann, Juliane and Velds, Arno and Halfwerk, Johannes BG and Kreike, Bas and Peterse, Johannes L and van de Vijver, Marc J},
title={Classification of ductal carcinoma in situ by gene expression profiling},
volume={8},
urldate={2016-4-7},
DOI={10.1186/bcr1613},
number={5},
journal={Breast Cancer Research},
year={2006},
pages={R61}
},

@article{10_porter_lahti-domenici_keshaviah_bae_argani_marks_richardson_cooper_strausberg_riggins et al._2003,
author={Porter, Dale and Lahti-Domenici, Jaana and Keshaviah, Aparna and Bae, Young and Argani, Pedram and Marks, Jeffrey and Richardson, Andrea and Cooper, Amiel and Strausberg, Robert and Riggins, Gregory et al.},
title={Molecular Markers in Ductal Carcinoma in Situ of the Breast1 1 National Cancer Institute Cancer Genome Anatomy Project and Specialized Program in Research Excellence in Breast Cancer at Dana-Farber/Harvard Cancer Center (CA89393) and Johns Hopkins University (CA88843); Department of Defense Breast Cancer Center of Excellence Grants.},
volume={1},
url={http://mcr.aacrjournals.org/content/1/5/362.long},
urldate={2016-4-7},
number={5},
journal={Molecular Cancer Research},
year={2003},
pages={362-375}
},

@article{11_iakovlev_arneson_wong_wang_leung_iakovleva_warren_pintilie_done_2008,
author={Iakovlev, V. V. and Arneson, N. C.R. and Wong, V. and Wang, C. and Leung, S. and Iakovleva, G. and Warren, K. and Pintilie, M. and Done, S. J.},
title={Genomic Differences Between Pure Ductal Carcinoma In Situ of the Breast and that Associated with Invasive Disease: a Calibrated aCGH Study},
volume={14},
DOI={10.1158/1078-0432.ccr-07-4960},
number={14},
journal={Clinical Cancer Research},
year={2008},
pages={4446-4454}
},

@article{12_liscovitch_cantley_1995,
author={Liscovitch, Mordechai and Cantley, Lewis C},
title={Signal transduction and membrane traffic: The PITP/phosphoinositide connection},
volume={81},
DOI={10.1016/0092-8674(95)90525-1},
number={5},
journal={Cell},
year={1995},
pages={659-662}
},

@article{13_png_halberg_yoshida_tavazoie_2011,
author={Png, Kim J. and Halberg, Nils and Yoshida, Mitsukuni and Tavazoie, Sohail F.},
title={A microRNA regulon that mediates endothelial recruitment and metastasis by cancer cells},
volume={481},
DOI={10.1038/nature10661},
number={7380},
journal={Nature},
year={2011},
pages={190-194}
},

@article{14_cowell_weigelt_sakr_ng_hicks_king_reis-filho_2013,
author={Cowell, Catherine F. and Weigelt, Britta and Sakr, Rita A. and Ng, Charlotte K.Y. and Hicks, James and King, Tari A. and Reis-Filho, Jorge S.},
title={Progression from ductal carcinoma in situ to invasive breast cancer: Revisited},
volume={7},
DOI={10.1016/j.molonc.2013.07.005},
number={5},
journal={Molecular Oncology},
year={2013},
pages={859-869}
}
